<?xml version = "1.0" encoding = "UTF-8"?><OAI-PMH xmlns="http://www.openarchives.org/OAI/2.0/" xmlns:xsi="http://www.w3.org/2001/XMLSchema-instance" xsi:schemaLocation="http://www.openarchives.org/OAI/2.0/ http://www.openarchives.org/OAI/2.0/OAI-PMH.xsd"><ListRecords><record><header><identifier>aleph-publish:037472870</identifier></header><metadata><record xmlns="http://www.ddb.de/professionell/mabxml/mabxml-1.xsd"><leader>00000nM2.01200024------h</leader><controlfield tag="LDR">00000nM2.01200024------h</controlfield><controlfield tag="FMT">MH</controlfield><datafield tag="001" ind1="-" ind2="1"><subfield code="a">HT021282447</subfield></datafield><datafield tag="002" ind1="a" ind2="1"><subfield code="a">20220311</subfield></datafield><datafield tag="003" ind1="-" ind2="1"><subfield code="a">20220311153209</subfield></datafield><datafield tag="025" ind1="a" ind2="1"><subfield code="a">1253327688</subfield></datafield><datafield tag="025" ind1="z" ind2="1"><subfield code="a">3112826-9</subfield></datafield><datafield tag="026" ind1="-" ind2="1"><subfield code="a">ZDB3112826-9</subfield></datafield><controlfield tag="030">a||ur||||||27</controlfield><datafield tag="036" ind1="a" ind2="1"><subfield code="a">XA-DE</subfield></datafield><datafield tag="037" ind1="b" ind2="1"><subfield code="a">ger</subfield></datafield><controlfield tag="050">||||||||g|||||</controlfield><controlfield tag="052">i||||||a|||||||</controlfield><datafield tag="060" ind1="-" ind2="1"><subfield code="b">txt</subfield><subfield code="a">Text</subfield></datafield><datafield tag="061" ind1="-" ind2="1"><subfield code="b">c</subfield><subfield code="a">Computermedien</subfield></datafield><datafield tag="062" ind1="-" ind2="1"><subfield code="b">cr</subfield><subfield code="a">Online-Ressource</subfield></datafield><datafield tag="064" ind1="a" ind2="1"><subfield code="a">Website</subfield><subfield code="9">(DE-588)4596172-4</subfield></datafield><datafield tag="070" ind1="-" ind2="1"><subfield code="a">0018</subfield></datafield><datafield tag="070" ind1="a" ind2="1"><subfield code="a">DNB</subfield></datafield><datafield tag="070" ind1="b" ind2="1"><subfield code="a">0018</subfield></datafield><datafield tag="078" ind1="z" ind2="1"><subfield code="a">lzZDB</subfield></datafield><datafield tag="200" ind1="-" ind2="1"><subfield code="k">Verein der Deutsch-Ukrainischen Zusammenarbeit</subfield><subfield code="9">(DE-588)1253326541</subfield></datafield><datafield tag="201" ind1="-" ind2="1"><subfield code="k">Verein der Deutsch-Ukrainischen Zusammenarbeit e.V.</subfield></datafield><datafield tag="331" ind1="-" ind2="1"><subfield code="a">Feine Ukraine</subfield></datafield><datafield tag="359" ind1="-" ind2="1"><subfield code="a">Verein der Deutsch-Ukrainischen Zusammenarbeit e.V.</subfield></datafield><datafield tag="419" ind1="-" ind2="1"><subfield code="a">Hamburg</subfield><subfield code="b">https://feineukraine.de/</subfield><subfield code="c">2022-</subfield><subfield code="A">3</subfield></datafield><datafield tag="425" ind1="a" ind2="1"><subfield code="a">2022</subfield></datafield><datafield tag="433" ind1="-" ind2="1"><subfield code="a">Online-Ressource</subfield></datafield><datafield tag="501" ind1="-" ind2="1"><subfield code="a">Gesehen am 11.03.2022</subfield></datafield><datafield tag="583" ind1="-" ind2="1"><subfield code="a">Archivierung/Langzeitarchivierung geplant</subfield><subfield code="f">PEHH</subfield><subfield code="5">DE-18</subfield><subfield code="2">pdager</subfield></datafield><datafield tag="655" ind1="e" ind2="1"><subfield code="u">https://drg-hamburg.org/</subfield><subfield code="x">Verlag</subfield><subfield code="z">kostenfrei</subfield><subfield code="A">0</subfield></datafield><datafield tag="700" ind1="-" ind2="1"><subfield code="a">300</subfield><subfield code="2">ZDB</subfield></datafield><controlfield tag="SYS">037472870</controlfield><datafield tag="LOW" ind1="-" ind2="1"><subfield code="a">B5</subfield></datafield><datafield tag="LOW" ind1="-" ind2="1"><subfield code="a">D0</subfield></datafield><datafield tag="LOW" ind1="-" ind2="1"><subfield code="a">E0</subfield></datafield><datafield tag="LOW" ind1="-" ind2="1"><subfield code="a">F0</subfield></datafield><datafield tag="LOW" ind1="-" ind2="1"><subfield code="a">G5</subfield></datafield><datafield tag="LOW" ind1="-" ind2="1"><subfield code="a">H7</subfield></datafield><datafield tag="LOW" ind1="-" ind2="1"><subfield code="a">K0</subfield></datafield><datafield tag="LOW" ind1="-" ind2="1"><subfield code="a">K7</subfield></datafield><datafield tag="LOW" ind1="-" ind2="1"><subfield code="a">KD</subfield></datafield><datafield tag="LOW" ind1="-" ind2="1"><subfield code="a">KH</subfield></datafield><datafield tag="LOW" ind1="-" ind2="1"><subfield code="a">KM</subfield></datafield><datafield tag="LOW" ind1="-" ind2="1"><subfield code="a">L0</subfield></datafield><datafield tag="LOW" ind1="-" ind2="1"><subfield code="a">L5</subfield></datafield><datafield tag="LOW" ind1="-" ind2="1"><subfield code="a">M0</subfield></datafield><datafield tag="LOW" ind1="-" ind2="1"><subfield code="a">N5</subfield></datafield><datafield tag="LOW" ind1="-" ind2="1"><subfield code="a">R0</subfield></datafield><datafield tag="LOW" ind1="-" ind2="1"><subfield code="a">R1</subfield></datafield><datafield tag="LOW" ind1="-" ind2="1"><subfield code="a">R2</subfield></datafield><datafield tag="LOW" ind1="-" ind2="1"><subfield code="a">R3</subfield></datafield><datafield tag="LOW" ind1="-" ind2="1"><subfield code="a">RL</subfield></datafield><datafield tag="LOW" ind1="-" ind2="1"><subfield code="a">V0</subfield></datafield><datafield tag="LOW" ind1="-" ind2="1"><subfield code="a">X0</subfield></datafield><datafield tag="LOW" ind1="-" ind2="1"><subfield code="a">X5</subfield></datafield><datafield tag="LOW" ind1="-" ind2="1"><subfield code="a">X7</subfield></datafield><datafield tag="GKZ" ind1="-" ind2="1"><subfield code="a">KF</subfield></datafield><datafield tag="LOW" ind1="-" ind2="1"><subfield code="a">A5001</subfield></datafield><datafield tag="LOW" ind1="-" ind2="1"><subfield code="a">N5001</subfield></datafield><datafield tag="LOW" ind1="-" ind2="1"><subfield code="a">L5001</subfield></datafield><datafield tag="088" ind1=" " ind2=" "><subfield code="a">A 96</subfield></datafield><datafield tag="088" ind1=" " ind2=" "><subfield code="a">829</subfield></datafield><datafield tag="088" ind1=" " ind2=" "><subfield code="a">743</subfield></datafield></record></metadata></record></ListRecords></OAI-PMH>